@String{ISCA = "Proceedings of the 42nd International Symposium on Computer Architecture" }
@String{MICRO = "Proceedings of the 47th Annual IEEE/ACM International Symposium on Microarchitecture" }
@String{HPCA = "Proceedings of the IEEE 21st International Symposium on High Performance Computer Architecture" }
@String{ASPLOS = "Proceedings of the Twentieth International Conference on Architectural Support for Programming Languages and Operating Systems" }

@Inproceedings{AssistWarps,
  author =       "Nandita Vijaykumar and Gennady Pekhimenko and Adwait Jog and Abhishek Bhowmick and Rachata Ausavarungnirun and Chita Das and Mahmut Kandemir and Todd C. Mowry and Onur Mutlu",
  title =        "A Case for Core-Assisted Bottleneck Acceleration in GPUs: Enabling Flexible Data Compression with Assist Warps",
  booktitle =    ISCA,
  series =       "ISCA '15",
  editor =       "",
  volume =       "",
  year =         "2015",
  publisher =    "ACM",
  address =      "Portland OR",
  pages =        "41--53",
  doi =          "10.1145/2749469.2750399",
  url =          "http://dx.doi.org/10.1145/2749469.2750399",
  number =       "",
  month =        "",
  organization = "",
  note =         "",
}

@Inproceedings{CoordinatedWarpScheduling,
  author =       "Shin-Ying Lee and Akhil Arunkumar and Carole-Jean Wu",
  title =        "CAWA: Coordinated Warp Scheduling and Cache Prioritization for Critical Warp Acceleration of GPGPU Workloads",
  booktitle =    ISCA,
  series =       "ISCA '15",
  editor =       "",
  volume =       "",
  year =         "2015",
  publisher =    "ACM",
  address =      "Portland OR",
  pages =        "515-527",
  doi =          "10.1145/2749469.2750418",
  url =          "http://dx.doi.org/10.1145/2749469.2750418",
  number =       "",
  month =        "",
  organization = "",
  note =         "",
}

@Inproceedings{DivergenceManagment,
  author =       "Yunsup Lee and Vinod Grover and Ronny Krashinsky and Mark Stephenson and Stephen W. Kecler and Krste Asanovic",
  title =        "Exploring the Design Space of SPMD Divergence Management on Data-Parallel Architectures",
  booktitle =    MICRO,
  series =       "MICRO '14",
  editor =       "",
  volume =       "",
  year =         "2014",
  publisher =    "IEEE Computer Society",
  address =      "Washington DC, USA",
  pages =        "101--113",
  doi =          "10.1109/MICRO.2014.48",
  url =          "",
  number =       "",
  month =        "",
  organization = "",
  note =         "",
}

@Inproceedings{DynamicThreadBlockLaunch,
  author =       "Jin Wang and Norm Rubin and Albert Sidelnik and Sudhakar Yalamanchili",
  title =        "Dynamic Thread Block Launch: A Lightweight Execution Mechanism to Support Irregular Applications on GPUs",
  booktitle =    ISCA,
  series =       "ISCA '15",
  editor =       "",
  volume =       "",
  year =         "2015",
  publisher =    "ACM",
  address =      "Portland OR",
  pages =        "528--540",
  doi =          "10.1145/2749469.2750393",
  url =          "http://dx.doi.org/10.1145/2749469.2750393",
  number =       "",
  month =        "",
  organization = "",
  note =         "",
}

@Inproceedings{EqualizerTuningOfResources,
  author =       "Ankit Sethia and Scott Mahlke",
  title =        "Equalizer: Dynamic Tuning of GPU Resources for Efficient Execution",
  booktitle =    MICRO,
  series =       "MICRO '14",
  editor =       "",
  volume =       "",
  year =         "2014",
  publisher =    "IEEE Computer Society",
  address =      "Washington DC, USA",
  pages =        "647--658",
  doi =          "10.1109/MICRO.2014.16",
  url =          "",
  number =       "",
  month =        "",
  organization = "",
  note =         "",
}

@Inproceedings{LocalityAwareMappingOfNestedParallelPatterns,
  author =       "HyoukJoong Lee and Kevin J. Brown and Arvind K. Sujeeth and Tiark Rompf and Kunle Olukotun",
  title =        "Locality-Aware Mapping of Nested Parallel Patterns on GPUs",
  booktitle =    MICRO,
  series =       "MICRO '14",
  editor =       "",
  volume =       "",
  year =         "2014",
  publisher =    "IEEE Computer Society",
  address =      "Washington DC, USA",
  pages =        "63--74",
  doi =          "10.1109/MICRO.2014.23",
  url =          "",
  number =       "",
  month =        "",
  organization = "",
  note =         "",
}

@Inproceedings{ManagingConcurrencyInHeterogeneous,
  author =       "Onur Kayiran and Nachiappan Chidambaram Nachiappan and Adwait Jog and Rachata Ausavarungnirun and Mahmut T. Kandemir and Gabriel H. Loh and Onur Mutlu and Chita R. Das",
  title =        "Managing GPU Concurrency in Heterogeneous Architectures",
  booktitle =    MICRO,
  series =       "MICRO '14",
  editor =       "",
  volume =       "",
  year =         "2014",
  publisher =    "IEEE Computer Society",
  address =      "Washington DC, USA",
  pages =        "114--126",
  doi =          "10.1109/MICRO.2014.62",
  url =          "",
  number =       "",
  month =        "",
  organization = "",
  note =         "",
}

@Inproceedings{UsingFineGrainHardwareWorklists,
  author =       "Ji Kim and Christopher Batten",
  title =        "Accelerating Irregular Algorithms on GPGPUs Using Fine-Grain Hardware Worklists",
  booktitle =    MICRO,
  series =       "MICRO '14",
  editor =       "",
  volume =       "",
  year =         "2014",
  publisher =    "IEEE Computer Society",
  address =      "Washington DC, USA",
  pages =        "75--87",
  doi =          "10.1109/MICRO.2014.24",
  url =          "",
  number =       "",
  month =        "",
  organization = "",
  note =         "",
}

@Inproceedings{VariableWarpSize,
  author =       "Timothy G. Rogers and Daniel R. Johnson and Mike O'Connor and Stephen W. Keckler",
  title =        "A Variable Warp Size Architecture",
  booktitle =    ISCA,
  series =       "ISCA '15",
  editor =       "",
  volume =       "",
  year =         "2015",
  publisher =    "ACM",
  address =      "Portland OR",
  pages =        "489--501",
  doi =          "10.1145/2749469.2750410",
  url =          "http://dx.doi.org/10.1145/2749469.2750410",
  number =       "",
  month =        "",
  organization = "",
  note =         "",
}

@Inproceedings{WarpCompression,
  author =       "Sangpil Lee and Keunsoo Kim and Gunjae Koo and Gyeran Jeon and Won Woo Ro and Murali Annavaram",
  title =        "Warped-Compression: Enabling Power Efficient GPUs through Register Compression",
  booktitle =    ISCA,
  series =       "ISCA '15",
  editor =       "",
  volume =       "",
  year =         "2015",
  publisher =    "ACM",
  address =      "Portland OR",
  pages =        "502--514",
  doi =          "10.1145/2749469.2750417",
  url =          "10.1145/2749469.2750417",
  number =       "",
  month =        "",
  organization = "",
  note =         "",
}